@BOOK{Fossen2011,
author={Fossen, T.I.},
title={Handbook of Marine Craft Hydrodynamics and Motion Control},
journal={Handbook of Marine Craft Hydrodynamics and Motion Control},
publisher={John Wiley \& Sons},
year={2011},
page_count={575},
document_type={Book},
}

@Article{Fjellstad1994857,
	author={Fjellstad, Ola-Erik and Fossen, Thor I.},
	title={Quaternion feedback regulation of underwater vehicles},
	journal={Proceedings of the IEEE Conference on Control Applications},
	year={1994},
	volume={2},
	pages={857-862},
}


%% examples from prewives rapports
@book{OptimalControl,
  title={Merging Optimization and Control},
  author={Foss, Bjarne and Heirung, Tor Aksel N. Heirun},
  isbn={9788278422014},
  year={2016},
  publisher={Norwegian Univeristy of Science and Technology}
}

@misc{dlqr,
  title = {dlqr},
  howpublished = {\url{https://se.mathworks.com/help/control/ref/dlqr.html}},
  note = {Accessed: 2017-04-25}
}

@misc{ctrb,
  title = {ctrb},
  howpublished = {\url{https://se.mathworks.com/help/control/ref/ctrb.html}},
  note = {Accessed: 2017-04-25}
}

@misc{rank,
  title = {rank},
  howpublished = {\url{https://se.mathworks.com/help/matlab/ref/rank.html}},
  note = {Accessed: 2017-04-25}
}


@misc{quadprog,
  title = {quadprog},
  howpublished = {\url{https://se.mathworks.com/help/optim/ug/quadprog.html}},
  note = {Accessed: 2017-04-26}
}

@misc{sqp,
  title = {Sequential quadratic programming},
  howpublished = {\url{https://en.wikipedia.org/wiki/Sequential_quadratic_programming}},
  note = {Accessed: 2017-04-27}
}

@misc{fmincon,
  title = {fmincon},
  howpublished = {\url{https://se.mathworks.com/help/optim/ug/fmincon.html}},
  note = {Accessed: 2017-04-27}
}


@misc{obsv,
  title = {obsv},
  howpublished = {\url{https://se.mathworks.com/help/control/ref/obsv.html}},
  note = {Accessed: 2017-04-26}
}


